<?xml version="1.0" encoding="UTF-8"?><record xmlns="http://www.loc.gov/MARC21/slim" xmlns:cinclude="http://apache.org/cocoon/include/1.0" xmlns:zs="http://www.loc.gov/zing/srw/">
  <leader>00545nz  a2200157n  4500</leader>
  <controlfield tag="001">nb2007027087</controlfield>
  <controlfield tag="003">DLC</controlfield>
  <controlfield tag="005">20071129075120.0</controlfield>
  <controlfield tag="008">071127n| acannaabn          |a aaa      </controlfield>
  <datafield tag="010" ind1=" " ind2=" ">
    <subfield code="a">nb2007027087</subfield>
  </datafield>
  <datafield tag="035" ind1=" " ind2=" ">
    <subfield code="a">(Uk)006973927</subfield>
  </datafield>
  <datafield tag="040" ind1=" " ind2=" ">
    <subfield code="a">Uk</subfield>
    <subfield code="b">eng</subfield>
    <subfield code="c">Uk</subfield>
  </datafield>
  <datafield tag="100" ind1="1" ind2=" ">
    <subfield code="a">Cowell, Lou,</subfield>
    <subfield code="d">1978-</subfield>
  </datafield>
  <datafield tag="400" ind1="1" ind2=" ">
    <subfield code="a">Cowell, Emma Louise,</subfield>
    <subfield code="d">1978-</subfield>
  </datafield>
  <datafield tag="670" ind1=" " ind2=" ">
    <subfield code="a">Wildlife SOS, 2006:</subfield>
    <subfield code="b">t.p. (Lou Cowell) jkt. flap (singer/songwriter, also works at Wildlife Aid) BL email sent 26 Nov. 2007</subfield>
  </datafield>
  <datafield tag="670" ind1=" " ind2=" ">
    <subfield code="a">Email from author, 27 Nov. 2007</subfield>
    <subfield code="b">(Emma Louise Cowell, born 15 July 1978)</subfield>
  </datafield>
</record>